<?xml version="1.0" encoding="UTF-8"?><collection xmlns="http://www.loc.gov/MARC21/slim"><record><leader>00372nam--2200133-i-4500</leader><controlfield tag="001">000040180</controlfield><controlfield tag="002">20161230</controlfield><controlfield tag="005">20161230201042</controlfield><controlfield tag="008">060222s1000------------r-----000-0-eng-d</controlfield><datafield ind1=" " ind2=" " tag="080"><subfield code="a">621.375.826(043)</subfield></datafield><datafield ind1=" " ind2=" " tag="100"><subfield code="a">Salk,Jurgen</subfield></datafield><datafield ind1=" " ind2=" " tag="245"><subfield code="a">Neuartige baufrmen fur argon-ionenlas sertatigkeit in niederdruckentladungsplasmen</subfield></datafield><datafield ind1=" " ind2=" " tag="260"><subfield code="a">Berlin, Univ.,1979. 71 P</subfield></datafield><datafield ind1=" " ind2=" " tag="852"><subfield code="a">48206</subfield></datafield></record></collection>